=LDR  02631 am a2200445 i 4500
=001  016692022
=003  Uk
=005  20140325101601.0
=006  m\\\\||\\d\|\\\\\\
=007  cr\|||||||||||
=008  110714s2013\\\\enka\\\\\b\\\\001\0\eng\d
=FMT  \\$a  BK
=020  \\$z1849663459 (pbk.)
=020  \\$z1849663467 (hbk.)
=020  \\$z9781849663458 (pbk.)
=020  \\$z9781849663465 (hbk.)
=040  \\$aNcD$beng$cNcD$dUk$erda
=050  \4$aJC571$b.L363 2013
=100  1\$aLandman, Todd.
=245  10$aHuman rights and democracy :$bthe precarious triumph of ideals /$cTodd Landman.
=264  \1$aLondon :$bBloomsbury Academic,$c2013.
=300  \\$a1 online resource (xi, 176 pages) :$billustrations
=336  \\$atext$2rdacontent
=337  \\$acomputer$2rdamedia
=338  \\$aonline resource$2rdacarrier
=520  \\$aCombines an overview of the key theoretical models of democracy and human rights with a state-of-the-art survey which reports on trade-offs between achievements, set-backs and challenges in some of the world's 'hotspots'. The 20th century has been described as the bloodiest in human history, but it was also the century in which people around the world embraced ideas of democracy and human rights as never before, constructing social, political and legal institutions seeking to contain human behaviour. Todd Landman offers an optimistic, yet cautionary tale of these developments, drawing on the literature, from politics, international relations and international law. He celebrates the global turn from tyranny and violence towards democracy and rights but also warns of the precariousness of these achievements in the face of democratic setbacks and the undermining of rights commitments by many countries during the so-called 'War on Terror'. This title was made Open Access by libraries from around the world through Knowledge Unlatched.--Provided by publisher.
=588  \\$aDescription based on print version record.
=650  \0$aDemocracy$xHistory$y20th century.
=650  \0$aHistory, Modern$y20th century.
=650  \0$aHuman rights$xHistory$y20th century.
=655  \0$aElectronic books.
=856  40$uhttp://www.oapen.org/search?identifier=469627$yKnowledge Unlatched$zhttp://creativecommons.org/licenses/by-nc-nd/4.0/
=859  \\$aXLD$bKnowledge Unlatched
=CAT  \\$aWR-KU$b00$c20140423$lBLL01$h0859
=CAT  \\$aWR-KU$c20140424$lBLL01$h1442
=CAT  \\$aBATCH-UPD$b00$c20140703$lBLL01$h1118
=CAT  \\$aBATCH-UPD$b00$c20151024$lBLL01$h1720
=CAT  \\$aW1606-1753$c20171028$lBLL01$h1353
=SRC  \\$aOAPEN
=LAS  \\$aW1606-1753$b00$c20171028$lBLL01$h1353

