=LDR  04464 am a2200469 i 4500
=001  016692023
=003  Uk
=005  20140325090605.0
=006  m\\\\||\\d\|\\\\\\
=007  cr\|||||||||||
=008  130402s2013\\\\inua\\\\\b\\\\001\0\eng\d
=FMT  \\$a  BK
=020  \\$a9781612492896 (epdf)
=020  \\$a9781612492902 (epub)
=020  \\$z9781557536471 (pbk. : alk. paper)
=040  \\$aNcD$beng$cNcD$dUk$erda
=050  \4$aML3916$b.T67 2013
=100  1\$aTompkins, David G.
=245  10$aComposing the party line :$bmusic and politics in early cold war Poland and East Germany /$cDavid G. Tompkins.
=264  \1$aWest Lafayette, Indiana :$bPurdue University Press,$c2013.
=300  \\$a1 online resource (xii, 300 pages) :$billustrations.
=336  \\$atext$2rdacontent
=337  \\$acomputer$2rdamedia
=338  \\$aonline resource$2rdacarrier
=490  0\$aCentral European studies series
=504  \\$aIncludes bibliographical references (pages 255-286) and index.
=505  0\$aThe rise and decline of socialist realism in music -- The composers' unions between party aims and professional autonomy -- The struggle over commissions -- The music festival as pedagogical experience -- The concert landscape.
=520  \\$aExamines the exercise of power in the Stalinist music world as well as the ways in which composers and ordinary people responded to it. A comparative inquiry into the relationship between music and politics in the German Democratic Republic and Poland from the aftermath of World War II through Stalin's death in 1953, concluding with the slow process of de-Stalinization in the mid-to-late 1990s. This book examines the exercise of power in the Stalinist music world as well as the ways in which composers and ordinary people responded to it. It presents a comparative inquiry into the relationship between music and politics in the German Democratic Republic and Poland from the aftermath of World War II through Stalin's death in 1953, concluding with the slow process of de-Stalinization in the mid- to late-1950s. The author explores how the Communist parties in both countries expressed their attitudes to music of all kinds, and how composers, performers, and audiences cooperated with, resisted, and negotiated these suggestions and demands. Based on a deep analysis of the archival and contemporary published sources on state, party, and professional organizations concerned with musical life, Tompkins argues that music, as a significant part of cultural production in these countries, played a key role in instituting and maintaining the regimes of East Central Europe. As part of the Stalinist project to create and control a new socialist identity at the personal as well as collective level, the ruling parties in East Germany and Poland sought to saturate public space through the production of music. Politically effective ideas and symbols were introduced that furthered their attempts to, in the parlance of the day, "engineer the human soul." Music also helped the Communist parties establish legitimacy. Extensive state support for musical life encouraged musical elites and audiences to accept the dominant position and political missions of these regimes. Party leaders invested considerable resources in the attempt to create an authorized musical language that would secure and maintain hegemony over the cultural and wider social worlds. The responses of composers and audiences ran the gamut from enthusiasm to suspicion, but indifference was not an option. This title was made Open Access by libraries from around the world through Knowledge Unlatched.--Provided by publisher.
=588  \\$aDescription based on print version record.
=650  \0$aMusic and state$zGermany (East)$xHistory$y20th century.
=650  \0$aMusic and state$zPoland$xHistory$y20th century.
=650  \0$aMusic$xPolitical aspects$zGermany (East)$xHistory$y20th century.
=650  \0$aMusic$xPolitical aspects$zPoland$xHistory$y20th century.
=655  \0$aElectronic books.
=856  40$uhttp://www.oapen.org/search?identifier=469621$yKnowledge Unlatched$zhttp://creativecommons.org/licenses/by-nc/4.0/
=859  \\$aXLD$bKnowledge Unlatched
=CAT  \\$aWR-KU$b00$c20140423$lBLL01$h0859
=CAT  \\$aWR-KU$c20140424$lBLL01$h1442
=CAT  \\$aBATCH-UPD$b00$c20140703$lBLL01$h1118
=CAT  \\$aW1606-1753$c20171028$lBLL01$h1353
=SRC  \\$aOAPEN
=LAS  \\$aW1606-1753$b00$c20171028$lBLL01$h1353

