=LDR  03123 am a2200445 i 4500
=001  016692024
=003  Uk
=005  20140325090605.0
=006  m\\\\||\\d\|\\\\\\
=007  cr\|||||||||||
=008  130506s2014\\\\pau\\\\\\b\\\\001\0\eng\d
=FMT  \\$a  BK
=020  \\$a9781439910306 (e-book)
=020  \\$z9781439910283 (cloth : alk. paper)
=020  \\$z9781439910290 (pbk. : alk. paper)
=040  \\$aNcD$beng$cNcD$dUk$erda
=050  \4$aDC34.5.M87$bF74 2014
=100  1\$aFredette, Jennifer.
=245  10$aConstructing Muslims in France :$bdiscourse, public identity, and the politics of citizenship /$cJennifer Fredette.
=264  \1$aPhiladelphia :$bTemple University Press,$c2014.
=300  \\$a1 online resource (xiv, 213 pages)
=336  \\$atext$2rdacontent
=337  \\$acomputer$2rdamedia
=338  \\$aonline resource$2rdacarrier
=504  \\$aIncludes bibliographical references and index.
=505  0\$aIntroduction -- Elusive citizenship -- Claiming membership : French Muslim identities, political goals, and repertoires of contention -- Education -- Employment -- Housing -- The contentious concept of Frenchness.
=520  \\$aThe standing of French Muslims is undercut by a predominant and persistent elite public discourse that frames Muslims as failed and incomplete French citizens. This situation fosters the very separations, exclusions, and hierarchies it claims to deplore as Muslims face discrimination in education, housing, and employment. In Constructing Muslims in France, Jennifer Fredette provides a deft empirical analysis to show the political diversity and complicated identity politics of this relatively new population. She examines the public identity of French Muslims and evaluates images in popular media to show how stereotyped notions of racial and religious differences pervade French public discourse. While rights may be a sine qua non for fighting legal and political inequality, Fredette shows that additional tools such as media access are needed to combat social inequality, particularly when it comes in the form of unfavorable discursive frames and public disrespect. Presenting the conflicting views of French national identity, Fredette shows how Muslims strive to gain recognition of their diverse views and backgrounds and find full equality as French citizens. This title was made Open Access by libraries from around the world through Knowledge Unlatched.--Provided by publisher.
=588  \\$aDescription based on print version record.
=650  \0$aMuslims$zFrance$xEthnic identity.
=650  \0$aMuslims$zFrance$xSocial conditions.
=651  \0$aFrance$xEthnic relations.
=655  \0$aElectronic books.
=856  40$uhttp://www.oapen.org/search?identifier=469365$yKnowledge Unlatched$zhttp://creativecommons.org/licenses/by-nc-nd/4.0/
=859  \\$aXLD$bKnowledge Unlatched
=CAT  \\$aWR-KU$b00$c20140423$lBLL01$h0859
=CAT  \\$aWR-KU$c20140424$lBLL01$h1442
=CAT  \\$aBATCH-UPD$b00$c20140703$lBLL01$h1118
=CAT  \\$aW1606-1753$c20171028$lBLL01$h1353
=SRC  \\$aOAPEN
=LAS  \\$aW1606-1753$b00$c20171028$lBLL01$h1353

