=LDR  03551 am a2200469 i 4500
=001  016692025
=003  Uk
=005  20140325090605.0
=006  m\\\\||\\d\|\\\\\\
=007  cr\|||||||||||
=008  130125s2013\\\\nju\\\\\\b\\\\001\0\eng\d
=FMT  \\$a  BK
=020  \\$a9780813561943 (ebk.)
=020  \\$z9780813561929 (pbk. : alk. paper)
=020  \\$z9780813561936 (hbk. : alk. paper)
=040  \\$aNcD$beng$cNcD$dUk$erda
=050  \4$aHM742$b.A4294 2013
=100  1\$aAkhavan, Niki,$d1975-
=245  10$aElectronic Iran :$bthe cultural politics of an online evolution /$cNiki Akhavan.
=264  \1$aNew Brunswick, New Jersey :$bRutgers University Press,$c[2013]
=300  \\$a1 online resource (viii, 149 pages)
=336  \\$atext$2rdacontent
=337  \\$acomputer$2rdamedia
=338  \\$aonline resource$2rdacarrier
=490  0\$aNew directions in international studies
=504  \\$aIncludes bibliographical references and index.
=505  0\$aAcknowledgments -- Introduction: nascent networks -- Reembodied nationalisms -- Uncharted blogospheres -- The movable image -- Social media and the message -- Conclusion: new media futures -- Work cited -- Index.
=520  \\$aElectronic Iran introduces the concept of the Iranian Internet, a framework that captures interlinked, transnational networks of virtual and offline spaces. Taking her cues from early Internet ethnographies that stress the importance of treating the Internet as both a site and product of cultural production, accounts in media studies that highlight the continuities between old and new media, and a range of works that have made critical interventions in the field of Iranian studies, Niki Akhavan traces key developments and confronts conventional wisdom about digital media in general, and contemporary Iranian culture and politics in particular. Akhavan focuses largely on the years between 1998 and 2012 to reveal a diverse and combative virtual landscape where both geographically and ideologically dispersed individuals and groups deployed Internet technologies to variously construct, defend, and challenge narratives of Iranian national identity, society, and politics. While it tempers celebratory claims that have dominated assessments of the Iranian Internet, Electronic Iran is ultimately optimistic in its outlook. As it exposes and assesses overlooked aspects of the Iranian Internet, the book sketches a more complete map of its dynamic landscape, and suggests that the transformative powers of digital media can only be developed and understood if attention is paid to both the specificities of new technologies as well as the local and transnational contexts in which they appear. This title was made Open Access by libraries from around the world through Knowledge Unlatched.--Provided by publisher.
=588  \\$aDescription based on print version record.
=650  \0$aInternet and activism$zIran.
=650  \0$aMass media and nationalism$zIran.
=650  \0$aOnline social networks$xPolitical aspects$zIran.
=655  \0$aElectronic books.
=856  40$uhttp://www.oapen.org/search?identifier=469368$yKnowledge Unlatched$zhttp://creativecommons.org/licenses/by-nc-nd/4.0/
=859  \\$aXLD$bKnowledge Unlatched
=CAT  \\$aWR-KU$b00$c20140423$lBLL01$h0859
=CAT  \\$aWR-KU$c20140424$lBLL01$h1442
=CAT  \\$aBATCH-UPD$b00$c20140703$lBLL01$h1118
=CAT  \\$aBATCH-UPD$b00$c20160309$lBLL01$h1655
=CAT  \\$aW1606-1753$c20171028$lBLL01$h1353
=SRC  \\$aOAPEN
=LAS  \\$aW1606-1753$b00$c20171028$lBLL01$h1353

