=LDR  03808 am a2200481 i 4500
=001  016692026
=003  Uk
=005  20140325090605.0
=006  m\\\\||\\d\|\\\\\\
=007  cr\|||||||||||
=008  130719s2013\\\\miua\\\\\b\\\s001\0\eng\d
=FMT  \\$a  BK
=020  \\$a9780472029525 (e-book)
=020  \\$z9780472119011 (hardback : alk. paper)
=040  \\$aNcD$beng$cNcD$dUk$erda
=050  \4$aJK1341$b.E64 2013
=100  1\$aEngstrom, Erik J.
=245  10$aPartisan gerrymandering and the construction of American democracy /$cErik J. Engstrom.
=264  \1$aAnn Arbor :$bUniversity of Michigan Press,$c[2013]
=300  \\$a1 online resource (227 pages) :$billustrations
=336  \\$atext$2rdacontent
=337  \\$acomputer$2rdamedia
=338  \\$aonline resource$2rdacarrier
=490  0\$aLegislative politics and policy making
=504  \\$aIncludes bibliographical references (pages 213-221) and index.
=520  \\$aEngstrom evaluates redistricting plans and their electoral results from all states from 1789 through the 1960s, revealing that districting practices systematically affected the competitiveness of congressional elections; shaped the partisan composition of congressional delegations; and, on occasion, determined control of the House of Representatives. Erik J. Engstrom offers a historical perspective on the effects of gerrymandering on elections and party control of the U.S. national legislature. Aside from the requirements that districts be continuous and, after 1842, that each select only one representative, there were few restrictions on congressional districting. Unrestrained, state legislators drew and redrew districts to suit their own partisan agendas. With the rise of the "one-person, one-vote" doctrine and the implementation of the Voting Rights Act of 1965, however, redistricting became subject to court oversight. Engstrom evaluates the abundant cross-sectional and temporal variation in redistricting plans and their electoral results from all the states, from 1789 through the 1960s, to identify the causes and consequences of partisan redistricting. His analysis reveals that districting practices across states and over time systematically affected the competitiveness of congressional elections; shaped the partisan composition of congressional delegations; and, on occasion, determined party control of the House of Representatives. "Partisan Gerrymandering and the Construction of American Democracy provides a rich look at the practice of gerrymandering. It is a nice mix of history and quantitative analysis. . . . It will be the definitive work on the subject for decades to come." -Charles Stewart, MIT Erik J. Engstrom is Associate Professor of Political Science at the University of California, Davis. This title was made Open Access by libraries from around the world through Knowledge Unlatched.--Provided by publisher.
=588  \\$aDescription based on print version record.
=650  \0$aApportionment (Election law)$zUnited States.
=650  \0$aElection districts$zUnited States.
=650  \0$aGerrymandering$zUnited States.
=650  \0$aRepresentative government and representation$zUnited States.
=650  \0$aVoting$zUnited States.
=651  \0$aUnited States$xPolitics and government.
=655  \0$aElectronic books.
=856  40$uhttp://www.oapen.org/search?identifier=469367$yKnowledge Unlatched$zhttp://creativecommons.org/licenses/by-nc-nd/4.0/
=859  \\$aXLD$bKnowledge Unlatched
=CAT  \\$aWR-KU$b00$c20140423$lBLL01$h0859
=CAT  \\$aWR-KU$c20140424$lBLL01$h1442
=CAT  \\$aBATCH-UPD$b00$c20140703$lBLL01$h1118
=CAT  \\$aBATCH-UPD$b00$c20160317$lBLL01$h1507
=CAT  \\$aW1606-1753$c20171028$lBLL01$h1353
=SRC  \\$aOAPEN
=LAS  \\$aW1606-1753$b00$c20171028$lBLL01$h1353

