=LDR  04765 am a2200433 i 4500
=001  016692027
=003  Uk
=005  20140325090605.0
=006  m\\\\||\\d\|\\\\\\
=007  cr\|||||||||||
=008  130508s2013\\\\miu\\\\\\b\\\s001\0\eng\d
=FMT  \\$a  BK
=020  \\$a9780472029594 (e-book)
=020  \\$z9780472119073 (cloth : alk. paper)
=040  \\$aNcD$beng$cNcD$dUk$erda
=050  \4$aPN2051$b.R53 2013
=100  1\$aRidout, Nicholas Peter.
=245  10$aPassionate amateurs :$btheatre, communism, and love /$cNicholas Ridout.
=264  \1$aAnn Arbor :$bThe University of Michigan Press,$c[2013]
=300  \\$a1 online resource (205 pages)
=336  \\$atext$2rdacontent
=337  \\$acomputer$2rdamedia
=338  \\$aonline resource$2rdacarrier
=490  0\$aTheater--theory/text/performance
=504  \\$aIncludes bibliographical references and index.
=520  \\$aBeginning with Chekhov's Uncle Vanya, Passionate Amateurs tells a new story about modern theater: the story of a romantic attachment to theater's potential to produce surprising experiences of human community. Ridout argues that theater in modern capitalism can help us think afresh about notions of work, time, and freedom. Passionate Amateurs tells a new story about modern theater: the story of a romantic attachment to theater's potential to produce surprising experiences of human community. It begins with one of the first great plays of modern European theater-Chekhov's Uncle Vanya in Moscow-and then crosses the 20th and 21st centuries to look at how its story plays out in Weimar Republic Berlin, in the Paris of the 1960s, and in a spectrum of contemporary performance in Europe and the United States. This is a work of historical materialist theater scholarship, which combines a materialism grounded in a socialist tradition of cultural studies with some of the insights developed in recent years by theorists of affect, and addresses some fundamental questions about the social function and political potential of theater within modern capitalism. Passionate Amateurs argues that theater in modern capitalism can help us think afresh about notions of work, time, and freedom. Its title concept is a theoretical and historical figure, someone whose work in theater is undertaken within capitalism, but motivated by a love that desires something different. In addition to its theoretical originality, it offers a significant new reading of a major Chekhov play, the most sustained scholarly engagement to date with Benjamin's "Program for a Proletarian Children's Theatre," the first major consideration of Godard's La chinoise as a "theatrical" work, and the first chapter-length discussion of the work of The Nature Theatre of Oklahoma, an American company rapidly gaining a profile in the European theater scene. Passionate Amateurs contributes to the development of theater and performance studies in a way that moves beyond debates over the differences between theater and performance in order to tell a powerful, historically grounded story about what theater and performance are for in the modern world. "Reading a suggestively diverse set of modern performances, and setting those performances within a clear and well-defined theoretical/critical project, Ridout attempts to use the 'passionate amateur'-at once the spectator, the scholar, and to some extent the characters in the plays-as a critical category disrupting the otherwise fully commodified communication of leisure products . . . Passionate Amateurs is wholly original, intellectually and critically stimulating, and certain to develop not only discussion but also to lead to a series of important questions in contemporary theatre and performance studies scholarship." -W. B. Worthen, Alice Brady Pels Professor in the Arts, Barnard College, Columbia University Nicholas Ridout is Reader in Theatre and Performance Studies, Department of Drama, Queen Mary, University of London. This title was made Open Access by libraries from around the world through Knowledge Unlatched.--Provided by publisher.
=588  \\$aDescription based on print version record.
=650  \0$aCommunism and culture.
=650  \0$aTheater and society.
=655  \0$aElectronic books.
=856  40$uhttp://www.oapen.org/search?identifier=469366$yKnowledge Unlatched$zhttp://creativecommons.org/licenses/by-nc-nd/4.0/
=859  \\$aXLD$bKnowledge Unlatched
=CAT  \\$aWR-KU$b00$c20140423$lBLL01$h0859
=CAT  \\$aWR-KU$c20140424$lBLL01$h1442
=CAT  \\$aBATCH-UPD$b00$c20140703$lBLL01$h1118
=CAT  \\$aBATCH-UPD$b00$c20150917$lBLL01$h1503
=CAT  \\$aW1606-1753$c20171028$lBLL01$h1353
=SRC  \\$aOAPEN
=LAS  \\$aW1606-1753$b00$c20171028$lBLL01$h1353

