=LDR  04158 am a2200481 i 4500
=001  016692028
=003  Uk
=005  20140325090605.0
=006  m\\\\||\\d\|\\\\\\
=007  cr\|||||||||||
=008  131114s2014\\\\inu\\\\\\b\\\\001\0\eng\d
=FMT  \\$a  BK
=020  \\$a9781612493091 (epdf)
=020  \\$a9781612493107 (epub)
=020  \\$z9781557536617 (pbk. : alk. paper)
=040  \\$aNcD$beng$cNcD$dUk$erda
=050  \4$aHD9502.A2$bU495 2014
=245  00$aUnderstanding the global energy crisis /$cedited by Eugene D. Coyle and Richard A. Simmons.
=264  \1$aWest Lafayette, Indiana :$bPurdue University Press,$c[2014]
=300  \\$a1 online resource
=336  \\$atext$2rdacontent
=337  \\$acomputer$2rdamedia
=338  \\$aonline resource$2rdacarrier
=490  0\$aPurdue studies in public policy
=504  \\$aIncludes bibliographical references and index.
=520  \\$aCentral issues in global energy are discussed through interdisciplinary dialogue between experts from both North America and Europe with overview from historical, political, and socio-cultural perspectives, outlining the technology and policy issues facing the development of major conventional and renewable energy sources. We are facing a global energy crisis caused by world population growth, an escalating increase in demand, and continued dependence on fossil-based fuels for generation. It is widely accepted that increases in greenhouse gas concentration levels, if not reversed, will result in major changes to world climate with consequential effects on our society and economy. This is just the kind of intractable problem that Purdue University's Global Policy Research Institute seeks to address in the Purdue Studies in Public Policy series by promoting the engagement between policy makers and experts in fields such as engineering and technology. Major steps forward in the development and use of technology are required. In order to achieve solutions of the required scale and magnitude within a limited timeline, it is essential that engineers be not only technologically-adept but also aware of the wider social and political issues that policy-makers face. Likewise, it is also imperative that policy makers liaise closely with the academic community in order to realize advances. This book is designed to bridge the gap between these two groups, with a particular emphasis on educating the socially-conscious engineers and technologists of the future. In this accessibly-written volume, central issues in global energy are discussed through interdisciplinary dialogue between experts from both North America and Europe. The first section provides an overview of the nature of the global energy crisis approached from historical, political, and sociocultural perspectives. In the second section, expert contributors outline the technology and policy issues facing the development of major conventional and renewable energy sources. The third and final section explores policy and technology challenges and opportunities in the distribution and consumption of energy, in sectors such as transportation and the built environment. The book's epilogue suggests some future scenarios in energy distribution and use. This title was made Open Access by libraries from around the world through Knowledge Unlatched.--Provided by publisher.
=588  \\$aDescription based on print version record.
=650  \0$aEnergy consumption.
=650  \0$aEnergy development.
=650  \0$aEnergy policy.
=650  \0$aRenewable energy sources.
=655  \0$aElectronic books.
=700  1\$aCoyle, Eugene D.
=856  40$uhttp://www.oapen.org/search?identifier=469619$yKnowledge Unlatched$zhttp://creativecommons.org/licenses/by-nc/2.0/
=859  \\$aXLD$bKnowledge Unlatched
=CAT  \\$aWR-KU$b00$c20140423$lBLL01$h0859
=CAT  \\$aWR-KU$c20140424$lBLL01$h1442
=CAT  \\$aBATCH-UPD$b00$c20140703$lBLL01$h1118
=CAT  \\$aBATCH-UPD$b00$c20151230$lBLL01$h1719
=CAT  \\$aBATCH-UPD$b00$c20160615$lBLL01$h1359
=CAT  \\$aW1606-1753$c20171028$lBLL01$h1353
=SRC  \\$aOAPEN
=LAS  \\$aW1606-1753$b00$c20171028$lBLL01$h1353

