=LDR  02837 am a2200457 i 4500
=001  016692029
=003  Uk
=005  20140325090605.0
=006  m\\\\||\\d\|\\\\\\
=007  cr\|||||||||||
=008  130807s2013\\\\ne\\\\\\\b\\\\001\0\eng\d
=FMT  \\$a  BK
=020  \\$a9004254838 (e-book)
=020  \\$a9789004254831 (e-book)
=020  \\$z9004254846 (hardback : acid-free paper)
=020  \\$z9789004254848 (hardback : acid-free paper)
=040  \\$aNcD$beng$cNcD$dUk$erda
=050  \4$aQD26$b.T63 2013
=100  1\$aTimmermann, Anke.
=245  10$aVerse and transmutation :$ba corpus of Middle English alchemical poetry (critical editions and studies) /$cby Anke Timmermann.
=264  \1$aLeiden ;$aBoston :$bBrill,$c2013.
=300  \\$a1 online resource (xiv, 374 pages)
=336  \\$atext$2rdacontent
=337  \\$acomputer$2rdamedia
=338  \\$aonline resource$2rdacarrier
=490  0\$aHistory of science and medicine library,$x1872-0684 ;$vvolume 42
=490  0\$aMedieval and early modern science ;$vvolume 21
=504  \\$aIncludes bibliographical references (pages 327-369) and index.
=520  \\$aIdentifies and investigates a corpus of twenty-one anonymous Middle English recipes for the philosophers' stone dating from the fifteenth century. Verse and Transmutation: A Corpus of Middle English Alchemical Poetry identifies and investigates a corpus of twenty-one anonymous recipes for the philosophers' stone dating from the fifteenth century. These were circulated and received in association with each other until the mid-seventeenth century, when a number of them appeared in Elias Ashmole's Theatrum Chemicum Britannicum. These editions are the first to make this previously unidentified corpus available to researchers. The accompanying studies discover the complex histories of these alchemica, in plain and illuminated manuscripts, as anonyma and in attribution to famous authors, and in private and institutional, medical and academic book collections. Together, they offer novel insights into the role of alchemy and poetry in late medieval and early modern England. This title was made Open Access by libraries from around the world through Knowledge Unlatched.--Provided by publisher.
=588  \\$aDescription based on print version record.
=650  \0$aAlchemy$xSources.
=650  \0$aManuscripts, English (Middle)
=655  \0$aElectronic books.
=856  40$uhttp://www.oapen.org/search?identifier=470830$yKnowledge Unlatched$zhttp://creativecommons.org/licenses/by-nc/2.0/
=859  \\$aXLD$bKnowledge Unlatched
=CAT  \\$aWR-KU$b00$c20140423$lBLL01$h0859
=CAT  \\$aWR-KU$c20140424$lBLL01$h1442
=CAT  \\$aBATCH-UPD$b00$c20140703$lBLL01$h1118
=CAT  \\$aW1606-1753$c20171028$lBLL01$h1353
=SRC  \\$aOAPEN
=LAS  \\$aW1606-1753$b00$c20171028$lBLL01$h1353

