=LDR  03263 am a2200529 i 4500
=001  016692030
=003  Uk
=005  20131209221304.0
=006  m\\\\||\\d\|\\\\\\
=007  cr\|||||||||||
=008  131028s2013\\\\ncua\\\\ob\\\\001\0\eng\d
=FMT  \\$a  BK
=020  \\$a9780822378259
=020  \\$a0822378256
=020  \\$z9780822354857 (cloth : alk. paper)
=020  \\$z0822354853 (cloth : alk. paper)
=020  \\$z9780822354994 (pbk. : alk. paper)
=020  \\$z0822354993 (pbk. : alk. paper)
=035  \\$a861634947
=040  \\$aNDD$beng$cNDD$dUk$erda
=050  \4$aRG135$b.F74 2013
=100  1\$aFranklin, Sarah,$d1960-
=245  10$aBiological relatives :$bIVF, stem cells, and the future of kinship /$cSarah Franklin.
=264  \1$aDurham :$bDuke University Press,$c2013.
=300  \\$a1 online resource (x, 364 pages) :$billustrations
=336  \\$atext$2rdacontent
=337  \\$acomputer$2rdamedia
=338  \\$aonline resource$2rdacarrier
=490  1\$aExperimental futures
=505  0\$aMiracle babies -- Living tools -- Embryo pioneers -- Reproductive technologies -- Living IVF -- IVF live -- Frontier culture -- After IVF.
=504  \\$aIncludes bibliographical references and index.
=520  \\$aThirty-five years after its initial success as a form of technologically assisted human reproduction, and five million miracle babies later, in vitro fertilization (IVF) has become a routine procedure worldwide. In Biological Relatives, Sarah Franklin explores how the normalization of IVF has changed how both technology and biology are understood. Drawing on anthropology, feminist theory, and science studies, Franklin charts the evolution of IVF from an experimental research technique into a global technological platform used for a wide variety of applications, including genetic diagnosis, livestock breeding, cloning, and stem cell research. She contends that despite its ubiquity, IVF remains a highly paradoxical technology that confirms the relative and contingent nature of biology while creating new biological relatives. Using IVF as a lens, Franklin presents a bold and lucid thesis linking technologies of gender and sex to reproductive biomedicine, contemporary bioinnovation, and the future of kinship. This title was made Open Access by libraries from around the world through Knowledge Unlatched.--Provided by publisher.
=588  \\$aDescription based on print version record.
=650  \0$aFertilization in vitro, Human$xSocial aspects.
=650  \0$aKinship$xPhilosophy.
=650  \0$aFeminist anthropology.
=655  \0$aElectronic books.
=776  08$iPrint version:$aFranklin, Sarah, 1960-$tBiological relatives.$w(DLC) 2013018962$w(OCoLC)842209174$dDurham : Duke University Press, 2013$z9780822354857$z9780822354994
=830  \0$aExperimental futures.
=856  40$uhttp://www.oapen.org/search?identifier=469257$yKnowledge Unlatched$zhttp://creativecommons.org/licenses/by-nc-nd/4.0/
=859  \\$aXLD$bKnowledge Unlatched
=CAT  \\$aWR-KU$b00$c20140423$lBLL01$h0859
=CAT  \\$aWR-KU$c20140424$lBLL01$h1442
=CAT  \\$aBATCH-UPD$b00$c20140703$lBLL01$h1118
=CAT  \\$aW1606-1753$c20171028$lBLL01$h1353
=SRC  \\$aOAPEN
=LAS  \\$aW1606-1753$b00$c20171028$lBLL01$h1353

