=LDR  03859 am a2200565 i 4500
=001  016692031
=003  Uk
=005  20131211182355.0
=006  m\\\\||\\d\|\\\\\\
=007  cr\|||||||||||
=008  131126s2014\\\\ncuab\\\ob\\\\001\0\eng\d
=FMT  \\$a  BK
=020  \\$a9780822377177
=020  \\$a0822377179
=020  \\$z9780822355717 (cloth : alk. paper)
=020  \\$z082235571X (cloth : alk. paper)
=020  \\$z9780822355854 (pbk. : alk. paper)
=020  \\$z082235585X (pbk. : alk. paper)
=035  \\$a864139137
=040  \\$aNDD$beng$cNDD$dUk$erda
=043  \\$asa-----$as-bl---$an-us---
=050  \4$aHC188.A485$bG37 2014
=100  1\$aGarfield, Seth,$d1967-
=245  10$aIn search of the Amazon :$bBrazil, the United States, and the nature of a region /$cSeth Garfield.
=264  \1$aDurham :$bDuke University Press,$c2014.
=300  \\$a1 online resource (xiii, 343 pages) :$billustrations, maps
=336  \\$atext$2rdacontent
=337  \\$acomputer$2rdamedia
=338  \\$aonline resource$2rdacarrier
=490  1\$aAmerican encounters/global interactions
=504  \\$aIncludes bibliographical references and index.
=505  0\$aBorder and progress : the Amazon and the estado novo -- "The quicksands of untrustworthy supply" : U.S. rubber dependency and the lure of the Amazon -- Rubber's "soldiers" : reinventing the Amazonian worker -- The environment of northeastern migration to the Amazon : landscapes, labor, and love -- War in the Amazon : struggles over resources and images -- Epilogue: From wartime soldiers to green guerrillas.
=520  \\$aChronicling the dramatic history of the Brazilian Amazon during the Second World War, Seth Garfield provides fresh perspectives on contemporary environmental debates. His multifaceted analysis explains how the Amazon became the object of geopolitical rivalries, state planning, media coverage, popular fascination, and social conflict. In need of rubber, a vital war material, the United States spent millions of dollars to revive the Amazon's rubber trade. In the name of development and national security, Brazilian officials implemented public programs to engineer the hinterland's transformation. Migrants from Brazil's drought-stricken Northeast flocked to the Amazon in search of work. In defense of traditional ways of life, longtime Amazon residents sought to temper outside intervention. Garfield's environmental history offers an integrated analysis of the struggles among distinct social groups over resources and power in the Amazon, as well as the repercussions of those wartime conflicts in the decades to come. This title was made Open Access by libraries from around the world through Knowledge Unlatched.--Provided by publisher.
=588  \\$aDescription based on print version record.
=650  \0$aWorld War, 1939-1945$xEconomic aspects$zAmazon River Region.
=650  \0$aRubber industry and trade$zAmazon River Region$xHistory$y20th century.
=651  \0$aBrazil$xForeign economic relations$zUnited States.
=651  \0$aUnited States$xForeign economic relations$zBrazil.
=655  \0$aElectronic books.
=776  08$iPrint version:$aGarfield, Seth, 1967-$tIn search of the Amazon.$w(DLC) 2013025464$w(OCoLC)840465309$dDurham : Duke University Press, 2014$z9780822355717$z9780822355854
=830  \0$aAmerican encounters/global interactions.
=856  40$uhttp://www.oapen.org/search?identifier=469256$yKnowledge Unlatched$zhttp://creativecommons.org/licenses/by-nc-nd/4.0/
=859  \\$aXLD$bKnowledge Unlatched
=CAT  \\$aWR-KU$b00$c20140423$lBLL01$h0859
=CAT  \\$aWR-KU$c20140424$lBLL01$h1442
=CAT  \\$aBATCH-UPD$b00$c20140703$lBLL01$h1118
=CAT  \\$aBATCH-UPD$b00$c20150302$lBLL01$h2123
=CAT  \\$aW1606-1753$c20171028$lBLL01$h1353
=SRC  \\$aOAPEN
=LAS  \\$aW1606-1753$b00$c20171028$lBLL01$h1353

