=LDR  03842 am a2200529 i 4500
=001  016692032
=003  Uk
=005  20131209215526.0
=006  m\\\\||\\d\|\\\\\\
=007  cr\|||||||||||
=008  131014s2013\\\\ncua\\\\ob\\\\001\0\eng\d
=FMT  \\$a  BK
=020  \\$a9780822378280
=020  \\$a0822378280
=020  \\$z9780822354680 (cloth : alk. paper)
=020  \\$z0822354683 (cloth : alk. paper)
=020  \\$z9780822354796 (pbk. : alk. paper)
=020  \\$z0822354799 (pbk. : alk. paper)
=035  \\$a860713253
=040  \\$aNDD$beng$cNDD$dUk$erda
=043  \\$aa-is---$aawgz---$aawba---
=050  \4$aML3754.5$b.M33 2013
=100  1\$aMcDonald, David A.,$d1976-
=245  10$aMy voice is my weapon :$bmusic, nationalism, and the poetics of Palestinian resistance /$cDavid A. McDonald.
=264  \1$aDurham :$bDuke University Press,$c2013.
=300  \\$a1 online resource (xix, 338 pages) :$billustrations
=336  \\$atext$2rdacontent
=337  \\$acomputer$2rdamedia
=338  \\$aonline resource$2rdacarrier
=504  \\$aIncludes bibliographical references and index.
=505  0\$aNationalism, belonging, and the performativity of resistance -- Poets, singers, and songs : voices in the resistance movement (1917-1967) -- Al-Naksa and the emergence of political song (1967-1987) -- The Intifada and the generation of the Stones (1987-2000) -- Revivals and new arrivals: the al-Aqsa Intifada (2000-2010) -- "My songs can reach the whole nation" : Baladna and protest song in Jordan -- Imprisonment and exile : negotiating power and resistance in Palestinian protest song -- New directions and new modalities : Palestinian hip-hop in Israel -- "Carrying words like weapons" : DAM brings hip-hop to the West Bank.
=520  \\$aDavid A. McDonald rethinks the conventional history of the Palestinian crisis through an ethnographic analysis of music and musicians, protest songs, and popular culture. Charting a historical narrative that stretches from the late-Ottoman period through the end of the second Palestinian intifada, McDonald examines the shifting politics of music in its capacity to both reflect and shape fundamental aspects of national identity. Drawing case studies from Palestinian communities in Israel, in exile, and under occupation, McDonald grapples with the theoretical and methodological challenges of tracing "resistance" in the popular imagination, attempting to reveal the nuanced ways in which Palestinians have confronted and opposed the traumas of foreign occupation. The first of its kind, this book offers an in-depth ethnomusicological analysis of the Israeli-Palestinian conflict, contributing a performative perspective to the larger scholarly conversation about one of the world's most contested humanitarian issues. This title was made Open Access by libraries from around the world through Knowledge Unlatched.--Provided by publisher.
=588  \\$aDescription based on print version record.
=650  \0$aPalestinian Arabs$xMusic$xHistory and criticism.
=650  \0$aMusic$xPolitical aspects$zIsrael.
=650  \0$aMusic$xPolitical aspects$zGaza Strip.
=650  \0$aMusic$xPolitical aspects$zWest Bank.
=655  \0$aElectronic books.
=776  08$iPrint version:$aMcDonald, David A., 1976-$tMy voice is my weapon.$w(DLC) 2013012813$w(OCoLC)818953128$dDurham : Duke University Press, 2013$z9780822354680$z9780822354796
=856  40$uhttp://www.oapen.org/search?identifier=469210$yKnowledge Unlatched$zhttp://creativecommons.org/licenses/by-nc-nd/4.0/
=859  \\$aXLD$bKnowledge Unlatched
=CAT  \\$aWR-KU$b00$c20140423$lBLL01$h0859
=CAT  \\$aWR-KU$c20140424$lBLL01$h1442
=CAT  \\$aBATCH-UPD$b00$c20140703$lBLL01$h1118
=CAT  \\$aW1606-1753$c20171028$lBLL01$h1353
=SRC  \\$aOAPEN
=LAS  \\$aW1606-1753$b00$c20171028$lBLL01$h1353

