=LDR  03627cam a2200517 i 4500
=001  016692033
=003  Uk
=005  20131210145112.0
=006  m\\\\||\\d\|\\\\\\
=007  cr\|||||||||||
=008  131210s2013\\\\ncua\\\\ob\\\\001\0\eng\d
=FMT  \\$a  BK
=020  \\$a9780822377078
=020  \\$a0822377071
=020  \\$z9780822355793 (cloth : alk. paper)
=020  \\$z0822355795 (cloth : alk. paper)
=020  \\$z9780822355939 (pbk. : alk. paper)
=020  \\$z0822355930 (pbk. : alk. paper)
=035  \\$a864903636
=040  \\$aNDD$beng$cNDD$dUk$erda
=050  \4$aF1789.N3$bS27 2013
=100  1\$aSartorius, David A.
=245  10$aEver faithful :$brace, loyalty, and the ends of empire in Spanish Cuba /$cDavid Sartorius.
=264  \1$aDurham :$bDuke University Press,$c2013.
=300  \\$a1 online resource (xix, 312 pages) :$billustrations
=336  \\$atext$2rdacontent
=337  \\$acomputer$2rdamedia
=338  \\$aonline resource$2rdacarrier
=504  \\$aIncludes bibliographical references and index.
=505  0\$aBelonging to an empire : race and rights -- Suspicious affinities : loyal subjectivity and the paternalist public -- The will to freedom : Spanish allegiances in the Ten Years' War -- Publicizing loyalty : race and the post-Zanjón public sphere -- "Long live Spain! death to autonomy!" Liberalism and slave emancipation -- The price of integrity : limited loyalties in revolution -- Subject citizens and the tragedy of loyalty.
=520  \\$aKnown for much of the nineteenth century as "the ever-faithful isle", Cuba did not earn its independence from Spain until 1898, long after most American colonies had achieved emancipation from European rule. In this groundbreaking history, David Sartorius explores the relationship between political allegiance and race in nineteenth-century Cuba. Challenging assumptions that loyalty to the Spanish empire was the exclusive province of the white Cuban elite, he examines the free and enslaved people of African descent who actively supported colonialism. By claiming loyalty, many black and mulatto Cubans attained some degree of social mobility, legal freedom, and political inclusion in a world where hierarchy and inequality were the fundamental lineaments of colonial subjectivity. Sartorius explores Cuba's battlefields, plantations, and meeting halls to consider the goals and limits of loyalty. In the process, he makes a bold call for fresh perspectives on imperial ideologies of race and on the rich political history of the African diaspora. This title was made Open Access by libraries from around the world through Knowledge Unlatched.--Provided by publisher.
=588  \\$aDescription based on print version record.
=650  \0$aBlack people$xRace identity$zCuba$xHistory$y19th century.
=651  \0$aCuba$xRace relations$xHistory$y19th century.
=651  \0$aSpain$xColonies$zAmerica$xAdministration$xHistory$y19th century.
=655  \0$aElectronic books.
=776  08$iPrint version:$aSartorius, David A.$tEver faithful.$w(DLC) 2013025534$w(OCoLC)853287148$dDurham : Duke University Press, 2013$z9780822355793$z9780822355939
=856  40$uhttp://www.oapen.org/search?identifier=469253$yKnowledge Unlatched$zhttp://creativecommons.org/licenses/by-nc-nd/4.0/
=859  \\$aXLD$bKnowledge Unlatched
=CAT  \\$aWR-KU$b00$c20140423$lBLL01$h0859
=CAT  \\$aWR-KU$c20140424$lBLL01$h1442
=CAT  \\$aBATCH-UPD$b00$c20140703$lBLL01$h1118
=CAT  \\$aW1606-1753$c20171028$lBLL01$h1353
=CAT  \\$a11249$b40$c20230118$lBLL01$h1248
=SRC  \\$aOAPEN
=LAS  \\$a11249$b40$c20230118$lBLL01$h1248

