=LDR  02802 am a2200373 i 4500
=001  016692034
=003  Uk
=005  20140325150101.0
=006  m\\\\||\\d\|\\\\\\
=007  cr\|||||||||||
=008  140325s2013\\\\enk\\\\\\\\\\\000\0\eng\d
=FMT  \\$a  BK
=020  \\$z9781846319587
=040  \\$aNcD$beng$cNcD$dUk$erda
=100  1\$aYoungs, Tim.
=245  10$aBeastly Journeys :$bTravel and Transformation at the fin de siecle
=264  \4$aLiverpool :$bLiverpool University Press,$c2013
=300  \\$a1 online resource
=336  \\$atext$2rdacontent
=337  \\$acomputer$2rdamedia
=338  \\$aonline resource$2rdacarrier
=520  \\$aA critical exploration of travel, animals and shape-changing in fin de siècle literature. Bats, beetles, wolves, butterflies, bulls, panthers, apes, leopards and spiders are among the countless creatures that crowd the pages of literature of the late nineteenth century. Whether in Gothic novels, science fiction, fantasy, fairy tales, journalism, political discourse, realism or naturalism, the line between the human and the animal becomes blurred. Beastly Journeys examines these bestial transformations across a range of well-known and less familiar texts and shows how they are provoked not only by the mutations of Darwinism but by social and economic shifts that have been lost in retellings and readings of them. The physical alterations described by George Gissing, George MacDonald, Arthur Machen, Arthur Morrison, W.T. Stead, Bram Stoker, H.G. Wells, Oscar Wilde, and many of their contemporaries, are responses to changes in the social body as Britain underwent a series of social and economic crises. Metaphors of travel - social, spatial, temporal, mythical and psychological - keep these stories on the move, confusing literary genres along with the indeterminacy of physical shape that they relate. Beastly Journeys will appeal to anyone interested in the relationship between nineteenth-century literature and its contexts and especially to those interested in the fin de siècle and in metaphors of travel, animals and shape-changing. This title was made Open Access by libraries from around the world through Knowledge Unlatched.--Provided by publisher.
=650  \4$aLiterature
=650  \4$aModern History
=655  \0$aElectronic books.
=856  40$uhttp://www.oapen.org/search?identifier=469302$yKnowledge Unlatched$zhttp://creativecommons.org/licenses/by-nc-nd/4.0/
=859  \\$aXLD$bKnowledge Unlatched
=CAT  \\$aWR-KU$b00$c20140423$lBLL01$h0859
=CAT  \\$aWR-KU$c20140424$lBLL01$h1442
=CAT  \\$aBATCH-UPD$b00$c20140703$lBLL01$h1118
=CAT  \\$aW1606-1753$c20171028$lBLL01$h1353
=CAT  \\$aBATCH-UPD$b00$c20171028$lBLL01$h1555
=SRC  \\$aOAPEN
=LAS  \\$aBATCH-UPD$b00$c20171028$lBLL01$h1555

