=LDR  02707 am a2200421 i 4500
=001  016692035
=003  Uk
=005  20140325150101.0
=006  m\\\\||\\d\|\\\\\\
=007  cr\|||||||||||
=008  140325s2013\\\\ne\\\\\\\\\\\\000\0\eng\d
=FMT  \\$a  BK
=020  \\$z9789089644527
=040  \\$aNcD$beng$cNcD$erda
=100  1\$aZurcher, Erik
=245  00$aFighting for a Living :$bA Comparative Study of Military Labour 1500-2000
=264  \4$aAmsterdam :$bAmsterdam University Press,$c2013
=300  \\$a1 online resource
=336  \\$atext$2rdacontent
=337  \\$acomputer$2rdamedia
=338  \\$aonline resource$2rdacarrier
=490  1\$aWork around the Globe: Historical Comparisons
=520  \\$aFighting for a Living investigates the circumstances that have produced starkly different systems of recruiting and employing soldiers in different parts of the globe over the last 500 years. It does so on the basis of a wide range of case studies taken from Europe, Africa, America, the Middle East and Asia. The novelty of "Fighting for a Living" is that it is not military history in the traditional sense (concentrating at wars and battles or on military technology) but that it looks at military service and warfare as forms of labour, and at the soldiers as workers. Military employment offers excellent opportunities for this kind of international comparison. Where many forms of human activity are restricted by the conditions of nature or the stage of development of a given society, organized violence is ubiquitous. Soldiers, in one form or another, are always part of the picture, in any period and in every region. Nevertheless, Fighting for a Living is the first study to undertake a systematic comparative analysis of military labour. It therefore speaks to two distinct, and normally quite separate, communities: that of labour historians and that of military historians. This title was made Open Access by libraries from around the world through Knowledge Unlatched.--Provided by publisher.
=650  \4$aHistory
=650  \4$aMilitary History
=655  \0$aElectronic books.
=700  1\$aZürcher, Erik Jan.
=830  \0$aWork around the Globe: Historical Comparisons
=856  40$uhttp://www.oapen.org/search?identifier=468734$yKnowledge Unlatched$zAll rights reserved
=859  \\$aXLD$bKnowledge Unlatched
=955  \\$borg.knowledgeunlatched.75
=CAT  \\$aWR-KU$b00$c20140423$lBLL01$h0859
=CAT  \\$aBATCH-UPD$b00$c20140423$lBLL01$h0859
=CAT  \\$aWR-KU$c20140424$lBLL01$h1442
=CAT  \\$aBATCH-UPD$b00$c20140703$lBLL01$h1118
=CAT  \\$aW1606-1753$c20171028$lBLL01$h1353
=SRC  \\$aOAPEN
=LAS  \\$aW1606-1753$b00$c20171028$lBLL01$h1353

