=LDR  03306 am a2200373 i 4500
=001  016692036
=003  Uk
=005  20140325150101.0
=006  m\\\\||\\d\|\\\\\\
=007  cr\|||||||||||
=008  140325s2014\\\\enk\\\\\\\\\\\000\0\eng\d
=FMT  \\$a  BK
=020  \\$z9780719084973
=040  \\$aNcD$beng$cNcD$dUk$erda
=100  1\$aPorter, Chloe.
=245  10$aMaking and Unmaking in Early Modern English Drama :$b"Spectators, Aesthetics and Incompletion"$cChloe Porter.
=264  \4$a[Manchester] :$bManchester University Press,$c2014
=300  \\$a1 online resource
=336  \\$atext$2rdacontent
=337  \\$acomputer$2rdamedia
=338  \\$aonline resource$2rdacarrier
=520  \\$aExploring the significance of visual things that are 'under construction' in works by playwrights. Illustrated with examples, it opens up new interpretations of the place of aesthetic form in the early modern imagination. Why are early modern English dramatists preoccupied with unfinished processes of 'making' and 'unmaking'? And what did 'finished' or 'incomplete' mean for spectators of plays and visual works in this period? Making and unmaking in early modern English drama is about the prevalence and significance of visual things that are 'under construction' in early modern plays. Contributing to challenges to the well-worn narrative of 'iconophobic' early modern English culture, it explores the drama as a part of a lively post-Reformation visual world. Interrogating the centrality of concepts of 'fragmentation' and 'wholeness' in critical approaches to this period, it opens up new interpretations of the place of aesthetic form in early modern culture. An interdisciplinary study, this book argues that the idea of 'finish' had transgressive associations in the early modern imagination. It centres on the depiction of incomplete visual practices in works by playwrights including Shakespeare, John Lyly, and Robert Greene. The first book of its kind to connect dramatists' attitudes to the visual with questions of materiality, Making and Unmaking in Early Modern English Drama draws on a rich range of illustrated examples. Plays are discussed alongside contexts and themes, including iconoclasm, painting, sculpture, clothing and jewellery, automata, and invisibility. Asking what it meant for Shakespeare and his contemporaries to 'begin' or 'end' a literary or visual work, this book is invaluable for scholars and students of early modern English literature, drama, visual culture, material culture, theatre history, history and aesthetics. This title was made Open Access by libraries from around the world through Knowledge Unlatched.--Provided by publisher.
=650  \4$aLiterature
=650  \4$aPlays & Playwrights
=655  \0$aElectronic books.
=856  40$uhttp://www.oapen.org/search?identifier=469309$yKnowledge Unlatched$zhttp://creativecommons.org/licenses/by-nc-nd/4.0/
=859  \\$aXLD$bKnowledge Unlatched
=CAT  \\$aWR-KU$b00$c20140423$lBLL01$h0859
=CAT  \\$aWR-KU$c20140424$lBLL01$h1442
=CAT  \\$aBATCH-UPD$b00$c20140703$lBLL01$h1118
=CAT  \\$aW1606-1753$c20171028$lBLL01$h1353
=CAT  \\$aBATCH-UPD$b00$c20171028$lBLL01$h1555
=SRC  \\$aOAPEN
=LAS  \\$aBATCH-UPD$b00$c20171028$lBLL01$h1555

