=LDR  03359 am a2200421 i 4500
=001  016692037
=003  Uk
=005  20140325150101.0
=006  m\\\\||\\d\|\\\\\\
=007  cr\|||||||||||
=008  140325s2013\\\\enk\\\\\\\\\\\000\0\eng\d
=FMT  \\$a  BK
=020  \\$z9781846319433
=040  \\$aNcD$beng$cNcD$dUk$erda
=100  1\$aBernard, Anna.
=245  10$aRhetorics of Belonging :$b"Nation, Narration, and Israel/Palestine "$cAnna Bernard.
=264  \4$aLiverpool, UK :$bLiverpool University Press,$c2013
=300  \\$a1 online resource
=336  \\$atext$2rdacontent
=337  \\$acomputer$2rdamedia
=338  \\$aonline resource$2rdacarrier
=490  1\$aPostcolonialism Across the Disciplines
=520  \\$aDescribes the formation and operation of a category of Palestinian and Israeli 'world literature' whose authors actively respond to the expectation that their work will 'narrate' the nation, invigorating critical debates about the political and artistic value of national narration as a literary practice. The crisis in Israel/Palestine has long been the world's most visible military conflict. Yet the region's cultural and intellectual life remains all but unknown to most foreign observers, which means that literary texts that make it into circulation abroad tend to be received as historical documents rather than aesthetic artefacts. Rhetorics of Belonging examines the diverse ways in which Palestinian and Israeli world writers have responded to the expectation that they will 'narrate' the nation, invigorating critical debates about the political and artistic value of national narration as a reading and writing practice. It considers writers whose work is rarely discussed together, offering new readings of the work of Edward Said, Amos Oz, Mourid Barghouti, Orly Castel-Bloom, Sahar Khalifeh, and Anton Shammas. This book helps to restore the category of the nation to contemporary literary criticism by attending to a context where the idea of the nation is so central a part of everyday experience that writers cannot not address it, and readers cannot help but read for it. It also points a way toward a relational literary history of Israel/Palestine, one that would situate Palestinian and Israeli writing in the context of a history of antagonistic interaction. The book's findings are relevant not only for scholars working in postcolonial studies and Israel/Palestine studies, but for anyone interested in the difficult and unpredictable intersections of literature and politics. This title was made Open Access by libraries from around the world through Knowledge Unlatched.--Provided by publisher.
=650  \4$aLiterature
=650  \4$aHistory
=650  \4$aPolitics
=655  \0$aElectronic books.
=830  \0$aPostcolonialism across the disciplines.
=856  40$uhttp://www.oapen.org/search?identifier=469301$yKnowledge Unlatched$zhttp://creativecommons.org/licenses/by-nc-nd/4.0/
=859  \\$aXLD$bKnowledge Unlatched
=CAT  \\$aWR-KU$b00$c20140423$lBLL01$h0859
=CAT  \\$aBATCH-UPD$b00$c20140423$lBLL01$h0859
=CAT  \\$aWR-KU$c20140424$lBLL01$h1442
=CAT  \\$aBATCH-UPD$b00$c20140703$lBLL01$h1118
=CAT  \\$aW1606-1753$c20171028$lBLL01$h1353
=CAT  \\$aBATCH-UPD$b00$c20171028$lBLL01$h1555
=SRC  \\$aOAPEN
=LAS  \\$aBATCH-UPD$b00$c20171028$lBLL01$h1555

