=LDR  02914 am a2200361 i 4500
=001  016692038
=003  Uk
=005  20140325150101.0
=006  m\\\\||\\d\|\\\\\\
=007  cr\|||||||||||
=008  140325s2013\\\\stk\\\\\\\\\\\000\0\eng\d
=FMT  \\$a  BK
=020  \\$z9780748690800
=040  \\$aNcD$beng$cNcD$dUk$erda
=100  1\$aJarlath Killeen
=245  14$aThe Emergence of Irish Gothic Fiction :
=264  \4$aEdinburgh :$bEdinburgh University Press,$c2013
=300  \\$a1 online resource
=336  \\$atext$2rdacontent
=337  \\$acomputer$2rdamedia
=338  \\$aonline resource$2rdacarrier
=520  \\$aProvides a new account of the emergence of Irish gothic fiction in mid-eighteenth century. This book provides a robustly theorised and thoroughly historicised account of the 'beginnings' of Irish gothic fiction, maps the theoretical terrain covered by other critics, and puts forward a new history of the emergence of the genre in Ireland. The main argument the book makes is that the Irish gothic should be read in the context of the split in Irish Anglican public opinion that opened in the 1750s, and seen as a fictional instrument of liberal Anglican opinion in a changing political landscape. By providing a fully historicized account of the beginnings of the genre in Ireland, the book also addresses the theoretical controversies that have bedevilled discussion of the Irish gothic in the 1980s, 1990s and 2000s. The book gives ample space to the critical debate, and rigorously defends a reading of the Irish gothic as an Anglican, Patriot tradition. This reading demonstrates the connections between little-known Irish gothic fictions of the mid-eighteenth century (The Adventures of Miss Sophia Berkley and Longsword), and the Irish gothic tradition more generally, and also the gothic as a genre of global significance. Key Features * Examines gothic texts including Mary Shelley's Frankenstein, Horace Walpole's The Castle of Otranto, Bram Stoker's Dracula, Charles Robert Maturin's Melmoth the Wanderer, (Anon), The Adventures of Miss Sophia Berkley and Thomas Leland's Longsword * Provides a rigorous and robust theory of the Irish Gothic * Reads early Irish gothic fully into the political context of mid-eighteenth century Ireland This title was made Open Access by libraries from around the world through Knowledge Unlatched.--Provided by publisher.
=650  \4$aGothic Fiction
=650  \4$aLiterature
=655  \0$aElectronic books.
=856  40$uhttp://www.oapen.org/search?identifier=469277$yKnowledge Unlatched$zhttp://creativecommons.org/licenses/by-nc/4.0/
=859  \\$aXLD$bKnowledge Unlatched
=CAT  \\$aWR-KU$b00$c20140423$lBLL01$h0859
=CAT  \\$aWR-KU$c20140424$lBLL01$h1442
=CAT  \\$aBATCH-UPD$b00$c20140703$lBLL01$h1118
=CAT  \\$aW1606-1753$c20171028$lBLL01$h1353
=SRC  \\$aOAPEN
=LAS  \\$aW1606-1753$b00$c20171028$lBLL01$h1353

