=LDR  01390 am a2200361 i 4500
=001  016692039
=003  Uk
=005  20140325150101.0
=006  m\\\\||\\d\|\\\\\\
=007  cr\|||||||||||
=008  140325s2014\\\\stk\\\\\\\\\\\000\0\eng\d
=FMT  \\$a  BK
=020  \\$z9780748645756
=040  \\$aNcD$beng$cNcD$dUk$erda
=100  1\$aLango, John W.
=245  14$aThe Ethics of Armed Conflict :$bA Cosmopolitan Just War Theory$cJohn W. Lango
=264  \4$aEdinburgh :$bEdinburgh University Press,$c2014
=300  \\$a1 online resource
=336  \\$atext$2rdacontent
=337  \\$acomputer$2rdamedia
=338  \\$aonline resource$2rdacarrier
=520  \\$aDevelops generalised just war principles that can be applied to all forms of armed conflict. This title was made Open Access by libraries from around the world through Knowledge Unlatched.--Provided by publisher.
=650  \4$aPhilosophy
=650  \4$aPolitics
=655  \0$aElectronic books.
=856  40$uhttp://www.oapen.org/search?identifier=469286$yKnowledge Unlatched$zhttp://creativecommons.org/licenses/by-nc-nd/4.0/
=859  \\$aXLD$bKnowledge Unlatched
=CAT  \\$aWR-KU$b00$c20140423$lBLL01$h0859
=CAT  \\$aWR-KU$c20140424$lBLL01$h1442
=CAT  \\$aBATCH-UPD$b00$c20140703$lBLL01$h1118
=CAT  \\$aW1606-1753$c20171028$lBLL01$h1353
=SRC  \\$aOAPEN
=LAS  \\$aW1606-1753$b00$c20171028$lBLL01$h1353

