=LDR  02728 am a2200457 i 4500
=001  016692040
=003  Uk
=005  20140325090605.0
=006  m\\\\||\\d\|\\\\\\
=007  cr\|||||||||||
=008  130719s2013\\\\ne\\\\\\\b\\\\001\0\eng\d
=FMT  \\$a  BK
=020  \\$a9789004255722 (e-book)
=020  \\$z9789004254664 (hardback : alk. paper)
=040  \\$aNcD$beng$cNcD$dUk$erda
=050  \4$aPN721$b.S54 2013
=100  1\$aSkenazi, Cynthia.
=245  10$aAging gracefully in the Renaissance :$bstories of later life from Petrarch to Montaigne /$cby Cynthia Skenazi.
=264  \1$aLeiden :$bBrill,$c2013.
=300  \\$a1 online resource (178 pages) :$billustrations
=336  \\$atext$2rdacontent
=337  \\$acomputer$2rdamedia
=338  \\$aonline resource$2rdacarrier
=490  0\$aMedieval and Renaissance authors and texts,$x0925-7683 ;$vvolume 11
=504  \\$aIncludes bibliographical references and index.
=520  \\$aCynthia Skenazi explores in this book a shift in attitudes towards aging and provides a historical perspective on a crucial problem of our time. In Aging Gracefully in the Renaissance: Stories of Later Life from Petrarch to Montaigne Cynthia Skenazi explores a shift in attitudes towards aging and provides a historical perspective on a crucial problem of our time. From the late fourteenth to the end of the sixteenth centuries, the elderly subject became a point of new social, medical, political, and literary attention on both sides of the Alps. A movement of secularization tended to dissociate old age from the Christian preparation for death, re-orienting the concept of aging around pragmatic matters such as health care, intergenerational relationships, and accrued insights one might wish to pass along. Such changes were accompanied by an increasing number of personal accounts of later life. This title was made Open Access by libraries from around the world through Knowledge Unlatched.--Provided by publisher.
=588  \\$aDescription based on print version record.
=650  \4$aPhilosophy
=650  \0$aAging in literature.
=650  \0$aAging$zEurope$xHistory.
=650  \0$aEuropean literature$yRenaissance, 1450-1600$xHistory and criticism.
=650  \0$aOlder people$zEurope$xHistory.
=655  \0$aElectronic books.
=856  40$uhttp://www.oapen.org/search?identifier=470831$yKnowledge Unlatched$zhttp://creativecommons.org/licenses/by-nc-nd/4.0/
=859  \\$aXLD$bKnowledge Unlatched
=CAT  \\$aWR-KU$b00$c20140423$lBLL01$h0859
=CAT  \\$aWR-KU$c20140424$lBLL01$h1442
=CAT  \\$aBATCH-UPD$b00$c20140703$lBLL01$h1118
=CAT  \\$aW1606-1753$c20171028$lBLL01$h1353
=SRC  \\$aOAPEN
=LAS  \\$aW1606-1753$b00$c20171028$lBLL01$h1353

