=LDR  02559 am a2200445 i 4500
=001  016692041
=003  Uk
=005  20140325090605.0
=006  m\\\\||\\d\|\\\\\\
=007  cr\|||||||||||
=008  130819s2013\\\\gw\\\\\\\b\\\\000\0\eng\d
=FMT  \\$a  BK
=020  \\$a9781614511014
=020  \\$z9781614511281 (hardcover : alk. paper)
=040  \\$aNcD$beng$cNcD$dUk$erda
=050  \4$aB3181$b.S53 2013
=100  1\$aSegev, Alon.
=245  10$aThinking and killing :$bphilosophical discourse in the shadow of the Third Reich /$cby Alon Segev.
=264  \1$aBerlin :$bDe Gruyter,$c2013.
=300  \\$a1 online resource (114 pages)
=336  \\$atext$2rdacontent
=337  \\$acomputer$2rdamedia
=338  \\$aonline resource$2rdacarrier
=504  \\$aIncludes bibliographical references.
=520  \\$aThis book explores the phenomenon of the Third Reich from a philosophical perspective. It concentrates on the ways in which the subjects and experiences of Nazi Germany, the Holocaust and Anti-Semitism are conceived by eight German thinkers from the Continental tradition. These eight intellectuals include Martin Heidegger, Hannah Arendt, Karl Löwith, Carl Schmitt, Ernst Jünger, Jean Améry, Hans-Georg Gadamer, and Jan Assmann. Based on careful philosophical examinations of both known and unknown texts of these eight thinkers (including an English translation of two forgotten texts by Schmitt and Jünger), this study exposes and then explores the tension between ideology and philosophy, between submission to authority and genuine critical thinking, all of which constitute the essence of the Continental philosophical tradition. This title was made Open Access by libraries from around the world through Knowledge Unlatched.--Provided by publisher.
=588  \\$aDescription based on print version record.
=650  \0$aHolocaust, Jewish (1939-1945)$xMoral and ethical aspects.
=650  \0$aMass murder.
=650  \0$aNational socialism and philosophy.
=650  \0$aPhilosophy, German$y20th century.
=655  \0$aElectronic books.
=856  40$uhttp://www.oapen.org/search?identifier=471670$yKnowledge Unlatched$zhttp://creativecommons.org/licenses/by-nc-nd/4.0/
=859  \\$aXLD$bKnowledge Unlatched
=CAT  \\$aWR-KU$b00$c20140423$lBLL01$h0859
=CAT  \\$aWR-KU$c20140424$lBLL01$h1442
=CAT  \\$aBATCH-UPD$b00$c20140703$lBLL01$h1118
=CAT  \\$aBATCH-UPD$b00$c20160615$lBLL01$h0920
=CAT  \\$aW1606-1753$c20171028$lBLL01$h1353
=SRC  \\$aOAPEN
=LAS  \\$aW1606-1753$b00$c20171028$lBLL01$h1353

