=LDR  02771 am a2200457 i 4500
=001  016692042
=003  Uk
=005  20140527113152.0
=006  m\\\\||\\d\|\\\\\\
=007  cr\|||||||||||
=008  130726s2014\\\\nyu\\\\\\b\\\\001\0\eng\d
=FMT  \\$a  BK
=020  \\$a9781139542739 (electronic bk.)
=020  \\$z9781107035041 (hardback)
=040  \\$aNcD$beng$cNcD$dUk$erda
=050  \4$aHD75$b.B4965 2014
=100  1\$aBest, Jacqueline,$d1970-
=245  10$aGoverning failure :$bprovisional expertise and the transformation of global development finance$cJacqueline Best.
=264  \1$aNew York :$bCambridge University Press,$c2014.
=300  \\$a1 online resource (288 pages)
=336  \\$atext$2rdacontent
=337  \\$acomputer$2rdamedia
=338  \\$aonline resource$2rdacarrier
=504  \\$aIncludes bibliographical references and index.
=520  \\$aJacqueline Best argues that the changes in International Monetary Fund, World Bank and donor policies in the 1990s, towards what some have called the 'Post-Washington Consensus,' were driven by an erosion of expert authority and an increasing preoccupation with policy failure. Failures such as the Asian financial crisis and the decades of despair in sub-Saharan Africa led these institutions to develop governance strategies designed to avoid failure: fostering country ownership, developing global standards, managing risk and vulnerability and measuring results. In contrast to the structural adjustment era when policymakers were confident that they had all the answers, the author argues that we are now in an era of provisional governance, in which key actors are aware of the possibility of failure even as they seek to inoculate themselves against it. This book considers the implications of this shift, asking if it is a positive change and whether it is sustainable. This title was made Open Access by libraries from around the world through Knowledge Unlatched.--Provided by publisher.$cProvided by publisher.
=588  \\$aDescription based on print version record.
=650  \0$aCorporate governance.
=650  \0$aDevelopment banks.
=650  \0$aEconomic assistance.
=650  \0$aEconomic development$xFinance.
=650  \0$aNongovernmental organizations.
=655  \0$aElectronic books.
=856  40$uhttp://www.oapen.org/search?identifier=472457$yKnowledge Unlatched$zhttp://creativecommons.org/licenses/by-nc-nd/3.0/
=859  \\$aXLD$bKnowledge Unlatched
=CAT  \\$aWR-KU$b00$c20140423$lBLL01$h0859
=CAT  \\$aWR-KU$c20140424$lBLL01$h1442
=CAT  \\$a6550$b40$c20140527$lBLL01$h1131
=CAT  \\$aBATCH-UPD$b40$c20140703$lBLL01$h1118
=CAT  \\$aW1606-1753$c20171028$lBLL01$h1353
=SRC  \\$aOAPEN
=LAS  \\$aW1606-1753$b00$c20171028$lBLL01$h1353

