=LDR  03480 am a2200469 i 4500
=001  016692043
=003  Uk
=005  20141030144104.0
=006  m\\\\||\\d\|\\\\\\
=007  cr\|||||||||||
=008  131018s2014\\\\enk\\\\\\\\\\\000\0\eng\d
=FMT  \\$a  BK
=020  \\$a9781107338821 (electronic bk.)
=020  \\$z9781107043633 (hardback)
=040  \\$aNcD$beng$cNcD$dUk$erda
=050  \4$aPR2015$b.W37 2014
=100  1\$aWarner, Lawrence,$d1968-
=245  14$aThe Myth of Piers Plowman :$bconstructing a medieval literary archive$cLawrence Warner.
=264  \1$aCambridge ;$aNew York :$bCambridge University Press,$c2014.
=300  \\$a1 online resource
=336  \\$atext$2rdacontent
=337  \\$acomputer$2rdamedia
=338  \\$aonline resource$2rdacarrier
=490  0\$aCambridge studies in medieval literature ;$v89
=505  8\$aMachine generated contents note: Introduction: archive fever and the madness of Joseph Ritson; 1. William and the werewolf: the problem of William of Palerne; 2. Localizing Piers Plowman C: Meed, Corfe Castle, and the London Riot of 1384; 3. Latinitas et Communitas Visionis Willielmi de Longlond; 4. Quod Piers Plowman: non-Reformist prophecy, c. 1520-55; 5. Urry, Burrell, and the pains of John Taylor: the Spelman MS (Huntington Hm 114), 1709-1766; 6. William Dupre;, Fabricateur: Piers Plowman in the Age of Forgery; Conclusion: Leland's madness and the tale of Piers Plowman; Bibliography.
=520  \\$a"Addressing the history of the production and reception of the great medieval poem, Piers Plowman, Lawrence Warner reveals the many ways in which scholars, editors and critics over the centuries created their own speculative narratives about the poem, which gradually came to be regarded as factually true. Warner begins by considering the possibility that Langland wrote a romance about a werewolf and bear-suited lovers, and he goes on to explore the methods of the poem's localization, and medieval readers' particular interest in its Latinity. Warner shows that the 'Protestant Piers' was a reaction against the poem's oral mode of transmission, reveals the extensive eighteenth-century textual scholarship on the poem by figures including the maligned Chaucer editor John Urry, and contextualizes its first modernization by a literary forger inspired by the 1790s Shakespeare controversies. This lively account of Piers Plowman challenges the way the poem has traditionally been read and understood"--This title was made Open Access by libraries from around the world through Knowledge Unlatched.$cProvided by publisher.
=588  \\$aDescription based on print version record.
=600  10$aLangland, William,$d1330?-1400?.$tPiers Plowman$xCriticism, Textual.
=600  10$aLangland, William,$d1330?-1400?$xAuthorship.
=600  10$aLangland, William,$d1330?-1400?$xCriticism and interpretation.
=655  \0$aElectronic books.
=856  40$uhttp://www.oapen.org/search?identifier=472471$yKnowledge Unlatched$zhttp://creativecommons.org/licenses/by-nd/3.0/
=859  \\$aXLD$bKnowledge Unlatched
=CAT  \\$aWR-KU$b00$c20140423$lBLL01$h0859
=CAT  \\$aBATCH-UPD$b00$c20140423$lBLL01$h0859
=CAT  \\$aWR-KU$c20140424$lBLL01$h1442
=CAT  \\$a6550$b40$c20140527$lBLL01$h1135
=CAT  \\$aBATCH-UPD$b40$c20140703$lBLL01$h1118
=CAT  \\$a6940$b40$c20141030$lBLL01$h1441
=CAT  \\$aW1606-1753$c20171028$lBLL01$h1353
=SRC  \\$aOAPEN
=LAS  \\$aW1606-1753$b00$c20171028$lBLL01$h1353

