=LDR  03286 am a22004454i 4500
=001  016862673
=003  Uk
=005  20141030144312.0
=006  m\\\\||\\d\|\\\\\\
=007  cr\|||||||||||
=008  131204s2014\\\\enk\\\\\o\\\\\000\0\eng\d
=FMT  \\$a  BK
=020  \\$a9781139381628
=020  \\$z9781107031340 (hardback)
=040  \\$aNcD$beng$cNcD$dUk$erda
=050  \4$aHD3616.E8523$bS36 2014
=100  1\$aSchoenman, Roger.
=245  10$aNetworks and institutions in Europe's emerging markets /$cRoger Schoenman.
=264  \1$aCambridge :$bCambridge University Press,$c2014.
=300  \\$a1 online resource.
=336  \\$atext$2rdacontent
=337  \\$acomputer$2rdamedia
=338  \\$aonline resource$2rdacarrier
=490  0\$aCambridge studies in comparative politics
=505  8\$aMachine generated contents note: Introduction; Part I. Foundations: 1. Approaches to institution building; Part II. The Role of Networks: 2. When broad networks increase cooperation; 3. Tracing ownership networks; Part III. The Role of Uncertainty: 4. When uncertainty increases cooperation; 5. Tracing elite career networks; Part IV. Bringing It Together: 6. Institutional development in new democracies; 7. Conclusion: political varieties of capitalism in emerging markets.
=520  \\$a"Do ties between political parties and businesses harm or benefit the development of market institutions? The post-communist transition offers an unparalleled opportunity to explore when and how networks linking the polity and the economy support the development of functional institutions. A quantitative and qualitative analysis covering eleven post-socialist countries combined with detailed case studies of Bulgaria, Poland and Romania documents how the most successful post-communist countries are those where dense networks link politicians and businesspeople, as long as politicians are constrained by intense political competition. The comparison of original network datasets shows how this combination allowed Poland to emerge with stable institutions. Bulgaria, marred by weak institutions, corruption and violence, cautions us that in developing economies intense political competition alone is harmful in the absence of dense personal and ownership networks. Indeed, as Romania illustrates, networks are so critical that their weakness is not mitigated even by low political competition"--This title was made Open Access by libraries from around the world through Knowledge Unlatched.$cProvided by publisher.
=588  \\$aDescription based on print version record.
=650  \0$aBusiness and politics$zEurope, Eastern.
=650  \0$aBusiness networks$xPolitical aspects$zEurope, Eastern.
=650  \0$aInstitution building$zEurope, Eastern.
=650  \0$aPost-communism$xEconomic aspects$zEurope, Eastern.
=651  \0$aEurope, Eastern$xEconomic policy.
=655  \0$aElectronic books.
=856  40$uhttp://www.oapen.org/search?identifier=477427$yKnowledge Unlatched$zhttp://creativecommons.org/licenses/by-nc-nd/4.0/
=859  \\$aXLD$bKnowledge Unlatched
=CAT  \\$aWR-KU$b00$c20140909$lBLL01$h1550
=CAT  \\$a6940$b40$c20141030$lBLL01$h1443
=CAT  \\$aW1606-1753$c20171028$lBLL01$h1603
=SRC  \\$aOAPEN
=LAS  \\$aW1606-1753$b00$c20171028$lBLL01$h1603

