=LDR  03496 am a22004694i 4500
=001  016862675
=003  Uk
=005  20140325090605.0
=006  m\\\\||\\d\|\\\\\\
=007  cr\|||||||||||
=008  140318s2014\\\\miu\\\\\ob\\\\001\0\eng\d
=FMT  \\$a  BK
=020  \\$a9780472029662 (e-book)
=020  \\$z9780472119097 (hardcover : alk. paper)
=040  \\$aNcD$beng$cNcD$dUk$erda
=050  00$aK5256$b.D68 2014
=100  10$aDouglas, Roger$q(Roger Neil),$eauthor.
=245  10$aLaw, liberty, and the pursuit of terrorism /$cRoger Douglas.
=264  \1$aAnn Arbor :$bThe University of Michigan Press,$c[2014]
=300  \\$a1 online resource
=336  \\$atext$2rdacontent
=337  \\$acomputer$2rdamedia
=338  \\$aonline resource$2rdacarrier
=504  \\$aIncludes bibliographical references and index.
=505  0\$aThe specter of terrorism -- Responding to the threat -- What is terrorism? -- Gathering information -- Protecting government secrets while protecting due process? -- Guilt by association -- Terrorism offences -- Detention without conviction -- Torture and coercive questioning.
=520  \\$aIt is commonly believed that a state facing a terrorist threat responds with severe legislation that compromises civil liberties in favour of national security. Roger Douglas compares responses to terrorism by five liberal democracies- the United States, the United Kingdom, Canada, Australia, and New Zealand- over the past 15 years. He examines each nation's development and implementation of counterterrorism law, specifically in the areas of information gathering, the definition of terrorist offenses, due process for the accused, detention, and torture and other forms of coercive questioning. Douglas finds that terrorist attacks elicit pressures for quick responses, which often allow national governments to accrue additional powers. But emergencies are neither a necessary nor a sufficient condition for such laws, which may persist even after fears have eased. He argues that responses are influenced by institutional interests and prior beliefs and are complicated when the exigencies of office and beliefs point in different directions. He also argues that citizens are wary of government's impingement on civil liberties and that courts exercise their capacity to restrain the legislative and executive branches. Douglas concludes that the worst anti-terror excesses have taken place outside of, rather than within, the law and that the legacy of 9/11 includes both laws that expand government powers and judicial decisions that limit those very powers. This title was made Open Access by libraries from around the world through Knowledge Unlatched.--Provided by publisher.
=588  \\$aDescription based on print version record.
=650  \0$aCivil rights.
=650  \0$aDetention of persons.
=650  \0$aGovernment information$xAccess control.
=650  \0$aNational security$xLaw and legislation.
=650  \0$aTerrorism$xPrevention$xLaw and legislation.
=650  \0$aTerrorism.
=650  \0$aTorture.
=655  \0$aElectronic books.
=856  40$uhttp://www.oapen.org/search?identifier=483170$yKnowledge Unlatched$zhttp://creativecommons.org/licenses/by-nc-nd/4.0/
=859  \\$aXLD$bKnowledge Unlatched
=CAT  \\$aWR-KU$b00$c20140909$lBLL01$h1550
=CAT  \\$aBATCH-UPD$b00$c20140909$lBLL01$h1550
=CAT  \\$aW1606-1753$c20171028$lBLL01$h1603
=SRC  \\$aOAPEN
=LAS  \\$aW1606-1753$b00$c20171028$lBLL01$h1603

