=LDR  02378 am a22003974i 4500
=001  016862676
=003  Uk
=005  20140318140305.0
=006  m\\\\||\\d\|\\\\\\
=007  cr\|||||||||||
=008  140109s2014\\\\gw\\\\\\o\\\\\000\0\eng\d
=FMT  \\$a  BK
=020  \\$a9783110320268
=020  \\$z9783110320022
=040  \\$aNcD$beng$cNcD$dUk$erda
=050  \4$aD804.3$b.S565 2014
=100  1\$aSegev, Zohar.
=245  14$aThe World Jewish Congress during the Holocaust :$bbetween activism and restraint /$cZohar Segev.
=264  \1$aBerlin :$bDe Gruyter,$c2014.
=300  \\$a1 online resource (251 pages)
=336  \\$atext$2rdacontent
=337  \\$acomputer$2rdamedia
=338  \\$aonline resource$2rdacarrier
=490  1\$aNew Perspectives on Modern Jewish History ;$v7
=520  \\$aDrawing on hitherto neglected archival materials, Zohar Segev sheds new light on the policy of the World Jewish Congress (WJC) during the Holocaust. Contrary to popular belief, he can show that there was an impressive system of previously unknown rescue efforts. Even more so, there is evidence for an alternative pattern for modern Jewish existence in the thinking and policy of the World Jewish Congress. WJC leaders supported the establishment of a Jewish state in Palestine but did not see it as an end in itself. They strove to establish a Jewish state and to rehabilitate Diaspora Jewish life, two goals they saw as mutually complementary. The efforts of the WJC are put into the context of the serious difficulties facing the American Jewish community and its representative institutions during and after the war, as they tried to act as an ethnic minority within American society. This title was made Open Access by libraries from around the world through Knowledge Unlatched.--Provided by publisher.
=610  20$aWorld Jewish Congress.
=650  \0$aHolocaust, Jewish (1939-1945)
=655  \0$aElectronic books.
=830  \0$aNew perspectives on modern Jewish history ;$v7.
=856  40$uhttp://www.oapen.org/search?identifier=483357$yKnowledge Unlatched$zhttp://creativecommons.org/licenses/by-nc-nd/4.0/
=859  \\$aXLD$bKnowledge Unlatched
=CAT  \\$aWR-KU$b00$c20140909$lBLL01$h1550
=CAT  \\$aBATCH-UPD$b00$c20170325$lBLL01$h1737
=CAT  \\$aW1606-1753$c20171028$lBLL01$h1603
=SRC  \\$aOAPEN
=LAS  \\$aW1606-1753$b00$c20171028$lBLL01$h1603

