=LDR  02256cam a22004694i 4500
=001  016862677
=003  Uk
=005  20201127183548.0
=006  m\\\\||\\d\|\\\\\\
=007  cr\|||||||||||
=008  140325s9999\\\\xx\\\\\\\\\\\\000\0\eng\d
=FMT  \\$a  BK
=020  \\$a9783110227369
=020  \\$z9783110200591
=040  \\$aNcD$beng$cNcD$dUk$erda
=245  00$aOaths and Swearing in Ancient Greece
=264  \4$bDe Gruyter,$cAug-14
=300  \\$a1 online resource
=336  \\$atext$2rdacontent
=337  \\$acomputer$2rdamedia
=338  \\$aonline resource$2rdacarrier
=490  1\$aBeitrage zur Altertumskunde ;$v307
=520  \\$aThe oath was an institution of fundamental importance across a wide range of social interactions throughout the ancient Greek world, making a crucial contribution to social stability and harmony; yet there has been no comprehensive, dedicated scholarly study of the subject for over a century. This volume of a two-volume study explores the nature of oaths as Greeks perceived it, the ways in which they were used (and sometimes abused) in Greek life and literature, and their inherent binding power. This title was made Open Access by libraries from around the world through Knowledge Unlatched.--Provided by publisher.
=650  \4$aClassical Studies
=650  \4$aHistory
=655  \0$aElectronic books.
=700  1\$aSommerstein, Alan H.
=700  1\$aTorrance, Isabelle Christiane
=830  \0$aBeiträge zur Altertumskunde ;$v307.
=856  40$uhttp://www.oapen.org/search?identifier=499100$yKnowledge Unlatched$zhttp://creativecommons.org/licenses/by-nc-nd/3.0/
=859  \\$aXLD$bKnowledge Unlatched
=883  0\$aLanguage codes assigned by Bayesian analysis of words present in record$d20201028$qUk$c0.9010
=985  \\$aUpgraded by BSS-generated file for WR2011-1472
=CAT  \\$aWR-KU$b00$c20140909$lBLL01$h1550
=CAT  \\$aBATCH-UPD$b00$c20140909$lBLL01$h1550
=CAT  \\$a9578$b40$c20150302$lBLL01$h1017
=CAT  \\$aBATCH-UPD$b40$c20160927$lBLL01$h1911
=CAT  \\$aW1606-1753$c20171028$lBLL01$h1603
=CAT  \\$aW2011-1472$b00$c20201127$lBLL01$h1835
=CAT  \\$aW2308-1659$c20230923$lBLL01$h1026
=SRC  \\$aOAPEN
=LAS  \\$aW2308-1659$b00$c20230923$lBLL01$h1026

