=LDR  02310 am a22004454i 4500
=001  016862678
=003  Uk
=005  20140325150101.0
=006  m\\\\||\\d\|\\\\\\
=007  cr\|||||||||||
=008  140325s2014\\\\enka\\\\ob\\\\001\0\eng\d
=FMT  \\$a  BK
=020  \\$a9781849665162
=020  \\$z9781849664929
=020  \\$z9781849664936 Paperback
=040  \\$aNcD$beng$cNcD$dUk$erda
=100  1\$aTully, James,$d1946-
=245  10$aOn global citizenship :$bJames Tully in dialogue /$cJames Tully.
=264  \1$aLondon/New York :$bBloomsbury Academic,$c2014.
=300  \\$a1 online resource.
=336  \\$atext$2rdacontent
=337  \\$acomputer$2rdamedia
=338  \\$aonline resource$2rdacarrier
=490  0\$aCritical powers series
=504  \\$aIncludes bibliographical references and index.
=520  \\$aOn Global Citizenship develops James Tully's distinctive and influential approach to political philosophy, first outlined in his 2008 two-volume work Public Philosophy in a New Key, and applies it to the field of citizenship. The second part of the book contains responses from influential interlocutors including Bonnie Honig and Marc Stears, David Owen and Adam Dunn, Aletta Norval, Antony Laden, and Duncan Bell. These provide a commentary not just on the ideas contained in this volume, but on Tully's approach to political philosophy more generally, thus making the book an ideal first source for academics and students wishing to engage with Tully's work. The volume closes with a response from Tully to his interlocutors. This title was made Open Access by libraries from around the world through Knowledge Unlatched.
=588  \\$aDescription based on print version record.
=600  10$aTully, James,$d1946-$xPolitical and social views.
=650  \0$aWorld citizenship$xPhilosophy.
=650  \0$aGlobalization.
=650  \0$aCivil society.
=650  \4$aPolitical Theory
=650  \4$aPolitics
=655  \0$aElectronic books.
=856  40$uhttp://www.oapen.org/search?identifier=479572$yKnowledge Unlatched$zhttp://creativecommons.org/licenses/by-nc-nd/4.0/
=859  \\$aXLD$bKnowledge Unlatched
=CAT  \\$aWR-KU$b00$c20140909$lBLL01$h1550
=CAT  \\$aW1606-1753$c20171028$lBLL01$h1603
=SRC  \\$aOAPEN
=LAS  \\$aW1606-1753$b00$c20171028$lBLL01$h1603

